@techreport{NFS,
 author = {Russel Sandberg},
 title = {{The Sun Network File System: Design, Implementation and Experience}},
 institution = {in Proceedings of the Summer 1986 USENIX Technical Conference and Exhibition},
 year = {1986}
}

@techreport{NFSv3RFC,
 series = {Request for Comments},
 number = 1813,
 howpublished = {RFC 1813},
 publisher = {RFC Editor},
 doi = {10.17487/rfc1813},
 url = {https://rfc-editor.org/rfc/rfc1813.txt},
 author = {Brent Callaghan and Brian Pawlowski and Peter Staubach},
 title = {{NFS Version 3 Protocol Specification}},
 pagetotal = 126,
 year = 1995,
 month = june,
}

@techreport{NFSv4RFC,
  series = {Request for Comments},
  number = 3530,
  howpublished = {RFC 3530},
  publisher = {RFC Editor},
  doi = {10.17487/rfc3530},
  url = {https://rfc-editor.org/rfc/rfc3530.txt},
  author = {Carl Beame and Robert Thurlow and Brent Callaghan and David Robinson and David Noveck and Mike Eisler and Spencer Shepler},
  title = {{Network File System (NFS) version 4 Protocol}},
  pagetotal = 275,
  year = 2003,
  month = april,
}

@inproceedings{NetApp,
 author = {Leung, Andrew W. and Pasupathy, Shankar and Goodson, Garth and Miller, Ethan L.},
 title = {Measurement and Analysis of Large-scale Network File System Workloads},
 booktitle = {USENIX 2008 Annual Technical Conference},
 series = {ATC'08},
 year = {2008},
 location = {Boston, Massachusetts},
 pages = {213--226},
 numpages = {14},
 url = {http://dl.acm.org/citation.cfm?id=1404014.1404030},
 acmid = {1404030},
 publisher = {USENIX Association},
 address = {Berkeley, CA, USA},
}

@inproceedings{NFSv4Better,
 author = {Chen, Ming and Hildebrand, Dean and Kuenning, Geoff and Shankaranarayana, Soujanya and Singh, Bharat and Zadok, Erez},
 title = {Newer Is Sometimes Better: An Evaluation of NFSv4.1},
 booktitle = {Proceedings of the 2015 ACM SIGMETRICS International Conference on Measurement and Modeling of Computer Systems},
 series = {SIGMETRICS '15},
 year = {2015},
 isbn = {978-1-4503-3486-0},
 location = {Portland, Oregon, USA},
 pages = {165--176},
 numpages = {12},
 url = {http://doi.acm.org/10.1145/2745844.2745845},
 doi = {10.1145/2745844.2745845},
 acmid = {2745845},
 publisher = {ACM},
 address = {New York, NY, USA},
 keywords = {network file system, nfs, nfsv4.1},
}

@inproceedings{LADDIS,
 author = {Wittle, Mark and Keith, Bruce E.},
 title = {LADDIS: The Next Generation in NFS File Server Benchmarking},
 booktitle = {Proceedings of the USENIX Summer 1993 Technical Conference on Summer Technical Conference - Volume 1},
 series = {Usenix-stc'93},
 year = {1993},
 isbn = {987-654-3333-22-1},
 location = {Cincinnati, Ohio},
 pages = {9:1--9:31},
 articleno = {9},
 numpages = {31},
 url = {http://dl.acm.org/citation.cfm?id=1361453.1361462},
 acmid = {1361462},
 publisher = {USENIX Association},
 address = {Berkeley, CA, USA},
}

@inproceedings{CifsResponseTime,
 author = {Swartz, Karl L.},
 title = {Adding Response Time Measurement of CIFS File Server Performance to NetBench},
 booktitle = {Proceedings of the USENIX Windows NT Workshop on The USENIX Windows NT Workshop 1997},
 series = {NT'97},
 year = {1997},
 location = {Seattle, Washington},
 pages = {12--12},
 numpages = {1},
 url = {http://dl.acm.org/citation.cfm?id=1267658.1267670},
 acmid = {1267670},
 publisher = {USENIX Association},
 address = {Berkeley, CA, USA},
}
